@online{glossaries-documentation,
  title = {User Manual for glossaries.sty v4.49},
  author = {Talbot, Nicola L.C.},
  url = {https://ctan.tetaneutral.net/macros/latex/contrib/glossaries/glossaries-user.pdf}
  }
